@Manual{DPDK,
	title = {Intel Data Plane Development Kit},
	author = {},
	note = {\url{http://dpdk.org/}},
}

@Manual{xeon,
	title = {Intel Xeon Processor E5-2640 v3},
	author = {},
	note = {\url{http://ark.intel.com/products/83359/Intel-Xeon-Processor-E5-2640-v3-20M-Cache-2_60-GHz}},
}

@Manual{pktgen,
	title = {Pktgen-DPDK},
	author = {},
	note = {\url{http://dpdk.org/browse/apps/pktgen-dpdk/refs/}},
}

@Manual{l2crypto,
	title = {L2 Forwarding with Crypto},
	author = {},
	note = {\url{http://dpdk.org/doc/guides-16.07/sample_app_ug/l2_forward_crypto.html}},
}

@inproceedings {189006,
	author = {Anuj Kalia and Dong Zhou and Michael Kaminsky and David G. Andersen},
	title = {Raising the Bar for Using GPUs in Software Packet Processing},
	booktitle = {12th USENIX Symposium on Networked Systems Design and Implementation (NSDI 15)},
	year = {2015},
	isbn = {978-1-931971-218},
	address = {Oakland, CA},
	pages = {409--423},
	url = {https://www.usenix.org/conference/nsdi15/technical-sessions/presentation/kalia},
	publisher = {USENIX Association},
}

@inproceedings{dobrescu2009routebricks,
  title={RouteBricks: exploiting parallelism to scale software routers},
  author={Dobrescu, Mihai and Egi, Norbert and Argyraki, Katerina and Chun, Byung-Gon and Fall, Kevin and Iannaccone, Gianluca and Knies, Allan and Manesh, Maziar and Ratnasamy, Sylvia},
  booktitle={Proceedings of the ACM SIGOPS 22nd symposium on Operating systems principles},
  pages={15--28},
  year={2009},
  organization={ACM}
}

@article{Bosshart:2014:PPP:2656877.2656890,
 author = {Bosshart, Pat and Daly, Dan and Gibb, Glen and Izzard, Martin and McKeown, Nick and Rexford, Jennifer and Schlesinger, Cole and Talayco, Dan and Vahdat, Amin and Varghese, George and Walker, David},
 title = {P4: Programming Protocol-independent Packet Processors},
 journal = {SIGCOMM Comput. Commun. Rev.},
 issue_date = {July 2014},
 volume = {44},
 number = {3},
 month = jul,
 year = {2014},
 issn = {0146-4833},
 pages = {87--95},
 numpages = {9},
 url = {http://doi.acm.org/10.1145/2656877.2656890},
 doi = {10.1145/2656877.2656890},
 acmid = {2656890},
 publisher = {ACM},
 address = {New York, NY, USA},
 keywords = {p4, protocol-independent, reconfigurability, sdn},
}

@inproceedings{Laki:2016:HSP:2934872.2959080,
 author = {Laki, S\'{a}ndor and Horp\'{a}csi, D\'{a}niel and V\"{o}r\"{o}s, P{\'e}ter and Kitlei, R\'{o}bert and Lesk\'{o}, D\'{a}niel and Tejfel, M\'{a}t{\'e}},
 title = {High Speed Packet Forwarding Compiled from Protocol Independent Data Plane Specifications},
 booktitle = {Proceedings of the 2016 ACM SIGCOMM Conference},
 series = {SIGCOMM '16},
 year = {2016},
 isbn = {978-1-4503-4193-6},
 location = {Florianopolis, Brazil},
 pages = {629--630},
 numpages = {2},
 url = {http://doi.acm.org/10.1145/2934872.2959080},
 doi = {10.1145/2934872.2959080},
 acmid = {2959080},
 publisher = {ACM},
 address = {New York, NY, USA},
 keywords = {P4, Packet forwarding, Programmable data plane, SDN},
}

@inproceedings{Dobrescu:2010:CPM:1921151.1921154,
 author = {Dobrescu, Mihai and Argyraki, Katerina and Iannaccone, Gianluca and Manesh, Maziar and Ratnasamy, Sylvia},
 title = {Controlling Parallelism in a Multicore Software Router},
 booktitle = {Proceedings of the Workshop on Programmable Routers for Extensible Services of Tomorrow},
 series = {PRESTO '10},
 year = {2010},
 isbn = {978-1-4503-0467-2},
 location = {Philadelphia, Pennsylvania},
 pages = {2:1--2:6},
 articleno = {2},
 numpages = {6},
 url = {http://doi.acm.org/10.1145/1921151.1921154},
 doi = {10.1145/1921151.1921154},
 acmid = {1921154},
 publisher = {ACM},
 address = {New York, NY, USA},
}

@inproceedings{DBLP:conf/globecom/ZhangWYLL13,
  author    = {Ting Zhang and
               Yi Wang and
               Tong Yang and
               Jianyuan Lu and
               Bin Liu},
  title     = {NDNBench: {A} benchmark for Named Data Networking lookup},
  booktitle = {2013 {IEEE} Global Communications Conference, {GLOBECOM} 2013, Atlanta,
               GA, USA, December 9-13, 2013},
  pages     = {2152--2157},
  publisher = {{IEEE}},
  year      = {2013},
  url       = {https://doi.org/10.1109/GLOCOM.2013.6831393},
  doi       = {10.1109/GLOCOM.2013.6831393},
  timestamp = {Fri, 28 Apr 2017 01:00:00 +0200},
  biburl    = {http://dblp.uni-trier.de/rec/bib/conf/globecom/ZhangWYLL13},
  bibsource = {dblp computer science bibliography, http://dblp.org}
}

@INPROCEEDINGS{Gupta98routinglookups,
    author = {Pankaj Gupta and Steven Lin and Nick Mckeown},
    title = {Routing Lookups in Hardware at Memory Access Speeds},
    booktitle = {},
    year = {1998},
    pages = {1240--1247}
}

@inproceedings{Chen:2005:SAH:1065010.1065038,
 author = {Chen, Michael K. and Li, Xiao Feng and Lian, Ruiqi and Lin, Jason H. and Liu, Lixia and Liu, Tao and Ju, Roy},
 title = {Shangri-La: Achieving High Performance from Compiled Network Applications While Enabling Ease of Programming},
 booktitle = {Proceedings of the 2005 ACM SIGPLAN Conference on Programming Language Design and Implementation},
 series = {PLDI '05},
 year = {2005},
 isbn = {1-59593-056-6},
 location = {Chicago, IL, USA},
 pages = {224--236},
 numpages = {13},
 url = {http://doi.acm.org/10.1145/1065010.1065038},
 doi = {10.1145/1065010.1065038},
 acmid = {1065038},
 publisher = {ACM},
 address = {New York, NY, USA},
 keywords = {chip multiprocessors, dataflow programming, network processors, packet processing, program partitioning, throughput-oriented computing},
}

@inproceedings{Zhou:2013:SHP:2535372.2535379,
 author = {Zhou, Dong and Fan, Bin and Lim, Hyeontaek and Kaminsky, Michael and Andersen, David G.},
 title = {Scalable, High Performance Ethernet Forwarding with CuckooSwitch},
 booktitle = {Proceedings of the Ninth ACM Conference on Emerging Networking Experiments and Technologies},
 series = {CoNEXT '13},
 year = {2013},
 isbn = {978-1-4503-2101-3},
 location = {Santa Barbara, California, USA},
 pages = {97--108},
 numpages = {12},
 url = {http://doi.acm.org/10.1145/2535372.2535379},
 doi = {10.1145/2535372.2535379},
 acmid = {2535379},
 publisher = {ACM},
 address = {New York, NY, USA},
 keywords = {cuckoo hashing, scalability, software switch},
} 

@inproceedings{Kim:2012:PBC:2349896.2349910,
 author = {Kim, Joongi and Huh, Seonggu and Jang, Keon and Park, KyoungSoo and Moon, Sue},
 title = {The Power of Batching in the Click Modular Router},
 booktitle = {Proceedings of the Asia-Pacific Workshop on Systems},
 series = {APSYS '12},
 year = {2012},
 isbn = {978-1-4503-1669-9},
 location = {Seoul, Republic of Korea},
 pages = {14:1--14:6},
 articleno = {14},
 numpages = {6},
 url = {http://doi.acm.org/10.1145/2349896.2349910},
 doi = {10.1145/2349896.2349910},
 acmid = {2349910},
 publisher = {ACM},
 address = {New York, NY, USA},
}

@article{kohler2000click,
  title={The Click modular router},
  author={Kohler, Eddie and Morris, Robert and Chen, Benjie and Jannotti, John and Kaashoek, M Frans},
  journal={ACM Transactions on Computer Systems (TOCS)},
  volume={18},
  number={3},
  pages={263--297},
  year={2000},
  publisher={ACM}
}

